%%%%%%%%%%%%%%%%%%%%%%%%%%%%%%%%%%%%%%%%%%%%%%%%%%%%%%%%%%%%%%%%%%%%%%%%%%%%%%%
%%%%  prim  %%%%%%%%%%%%%%%%%%%%%%%%%%%%%%%%%%%%%%%%%%%%%%%%%%%%%%%%%%%%%%%%%%%
%%%%%%%%%%%%%%%%%%%%%%%%%%%%%%%%%%%%%%%%%%%%%%%%%%%%%%%%%%%%%%%%%%%%%%%%%%%%{{{
@book{babbitt1989local,
  keywords = {prim},
  title={Local moduli for meromorphic differential equations},
  author={Babbitt, D.G. and Varadarajan, V.S.},
  lccn={93111052},
  series={Ast{\'e}risque},
  url={http://books.google.de/books?id=VAsZAQAAIAAJ},
  year={1989},
  publisher={Soci{\'e}t{\'e} math{\'e}matique de France}
}
@INPROCEEDINGS{Varadarajan96linearmeromorphic,
  keywords = {prim},
  author = {V. S. Varadarajan},
  title = {Linear meromorphic differential equations: a modern point of view},
  booktitle = {Bulletin (New Series) of the American Mathematical Society, 33(1):1 – 42},
  year = {1996},
  pages = {1--42}
}
@article{boalch,
  keywords = {prim},
  author = {Boalch, Philip},
  citeulike-article-id = {8523004},
  citeulike-linkout-0 = {http://dx.doi.org/10.1006/aima.2001.1998},
  day = {10},
  doi = {10.1006/aima.2001.1998},
  issn = {00018708},
  journal = {Advances in Mathematics},
  month = nov,
  number = {2},
  pages = {137--205},
  posted-at = {2011-01-07 11:19:07},
  priority = {5},
  title = {{Symplectic Manifolds and Isomonodromic Deformations}},
  url = {http://dx.doi.org/10.1006/aima.2001.1998},
  volume = {163},
  year = {2001}
}
@phdthesis{thboalch,
  keywords = {prim},
  author = {Boalch, Philip},
  title  = {{Symplectic Geometry and Isomonodromic Deformations}},
  school = {Wadham College, Oxford},
  year   = 1999,
  url    = {http://www.dma.ens.fr/%7Eboalch/files/thesis.pdf}
}
@book{sabbah2007isomonodromic,
  keywords = {prim},
  title={Isomonodromic Deformations and Frobenius Manifolds: An Introduction},
  author={{Sabbah}, Claude},
  isbn={9781848000544},
  lccn={2007939825},
  series={Universitext},
  url={http://books.google.de/books?id=0NUZWBdtQJAC},
  year={2007},
  publisher={Springer}
}
@booklet{sabbah_cimpa90,
  keywords = {prim},
  author       = {{Sabbah}, Claude},
  title        = {Introduction to algebraic theory of linear systems of
    differential equations},
  howpublished = {Vorlesungsskript \url{http://www.math.polytechnique.fr/cmat/sabbah/sabbah_cimpa90.pdf}},
  year         = 1990
}
@book{van2003galois,
  keywords = {prim},
  title={Galois Theory of Linear Differential Equations},
  author={van der Put, M. and Singer, M.F.},
  isbn={9783540442288},
  lccn={2002042475},
  series={Die Grundlehren der mathematischen Wissenschaften in
      Einzeldarstellungen},
  url={http://books.google.de/books?id=3RjYmm6AAM4C},
  year={2003},
  publisher={Springer Berlin Heidelberg}
}
@article{Loday1994,
  keywords = {prim},
  author = {Loday-Richaud, Michèle},
  journal = {Annales de l'institut Fourier},
  language = {eng},
  number = {3},
  pages = {849-906},
  publisher = {Institut Fourier},
  title = {Stokes phenomenon, multisummability and differential Galois groups},
  url = {http://eudml.org/doc/75083},
  volume = {44},
  year = {1994},
}
@unpublished{Loday2014,
  keywords = {prim},
  TITLE = {{Divergent series and differential equations}},
  AUTHOR = {Loday-Richaud, Mich{\`e}le},
  URL = {https://hal.archives-ouvertes.fr/hal-01011050},
  NOTE = {Part of a book. Submitted.},
  YEAR = {2014},
  MONTH = Jan,
  HAL_ID = {hal-01011050},
  HAL_VERSION = {v1},
}
@article{BJL1979Birkhoff,
  keywords = {prim},
  doi = {10.1016/0022-247x(79)90217-8},
  title   = {Birkhoff invariants and stokes' multipliers for meromorphic
      linear differential equations},
  author  = {Balser, W and Jurkat, W.B and Lutz, D.A},
  publisher   = {Elsevier Science},
  journal = {Journal of Mathematical Analysis and Applications},
  issnp   = {0022-247X},
  issne   = {1096-0813},
  year    = {1979},
  volume  = {71},
  issue   = {1},
  page    = {48--94}
}

%%%%%%%%%%%%%%%%%%%%%%%%%%%%%%%%%%%%%%%%%%%%%%%%%%%%%%%%%%%%%%%%%%%%%%%%%%%%}}}
%%%%  more  %%%%%%%%%%%%%%%%%%%%%%%%%%%%%%%%%%%%%%%%%%%%%%%%%%%%%%%%%%%%%%%%%%%
%%%%%%%%%%%%%%%%%%%%%%%%%%%%%%%%%%%%%%%%%%%%%%%%%%%%%%%%%%%%%%%%%%%%%%%%%%%%{{{

@book{Balser2000Formal,  
   title =     {Formal Power Series and Linear Systems of Meromorphic Ordinary Differential Equations},
   author =    {Werner Balser},
   publisher = {Springer},
   isbn =      {0387986901,9780387986906,9780387225982},
   year =      {2000},
   series =    {Universitext},
   edition =   {1}
}

@article{LodayRichaud2004,
  doi = {10.1023/b:joth.0000047352.85725.a7},
  url = {http://dx.doi.org/10.1023/B:JOTH.0000047352.85725.a7},
  year  = {2004},
  month = {dec},
  publisher = {Springer Science $\mathplus$ Business Media},
  volume = {124},
  number = {5},
  pages = {5262--5274},
  AUTHOR = {Loday-Richaud, Mich{\`e}le},
  title = {Stokes Cocycle and Differential Galois Groups},
  journal = {Journal of Mathematical Sciences}
}

@book{sabbah2000equations,
  title={{\'E}quations diff{\'e}rentielles {\`a} points singuliers
      irr{\'e}guliers et ph{\'e}nom{\`e}ne de Stokes en dimension 2},
  author={{Sabbah}, Claude},
  isbn={9782856290859},
  lccn={00697345},
  series={Ast{\'e}risque},
  url={http://books.google.de/books?id=xzKLMQEACAAJ},
  year={2000},
  publisher={Soci{\'e}t{\'e} Math{\'e}matique de France}
}
@article{sabbah2009introduction,
  author ={{Sabbah}, Claude},
  title = {Introduction to Stokes structures},
  year={2009},
  archivePrefix = "arXiv",
  eprint = {0912.2762v5},
  primaryClass = "math.AG",
}
@book{sabbah2013introduction,
  title={Introduction to Stokes Structures},
  author ={{Sabbah}, Claude},
  isbn={9783642316944},
  lccn={2012947650},
  series={Lecture Notes in Mathematics},
  url={http://books.google.de/books?id=NCqPLwEACAAJ},
  year={2013},
  publisher={Springer London, Limited}
}

@book{sibuya1990Linear,
  title =     {Linear Differential Equations in the Complex Domain:
      Problems of Analytic Continuation},
  author =    {Yasutaka Sibuya},
  publisher = {American Mathematical Society},
  isbn =      {0821845357,9780821845356},
  year =      {1990},
  series =    {Translations of Mathematical Monographs},
}
@Article{zbMATH00060600,
  Author = {W. {Balser} and B.L.J. {Braaksma} and Jean-Pierre {Ramis} and Yasutaka {Sibuya}},
  Title = {{Multisummability of formal power series solutions of linear ordinary differential equations.}},
  FJournal = {{Asymptotic Analysis}},
  Journal = {{Asymptotic Anal.}},
  ISSN = {0921-7134; 1875-8576/e},
  Volume = {5},
  Number = {1},
  Pages = {27--45},
  Year = {1991},
  Publisher = {IOS Press, Amsterdam},
  Language = {English},
  MSC2010 = {34E15 34M99 30B10 30D05 34A25 34A30},
  Zbl = {0754.34057}
}

@incollection {Malgrange1983,
    AUTHOR = {Malgrange, B.},
     TITLE = {La classification des connexions irr\'eguli\`eres \`a une
              variable},
 BOOKTITLE = {Mathematics and physics ({P}aris, 1979/1982)},
    SERIES = {Progr. Math.},
    VOLUME = {37},
     PAGES = {381--399},
 PUBLISHER = {Birkh\"auser Boston},
   ADDRESS = {Boston, MA},
      YEAR = {1983},
   MRCLASS = {58A15 (32C10)},
  MRNUMBER = {MR728430 (85m:58006)},
MRREVIEWER = {Autorreferat},
}

@unpublished{Remy2014,
  TITLE = {{On the highest level's Stokes phenomenon of meromorphic linear differential systems}},
  AUTHOR = {Remy, Pascal},
  URL = {https://hal.archives-ouvertes.fr/hal-01081071},
  NOTE = {61 pages. Soumis.},
  YEAR = {2014},
  MONTH = Nov,
  KEYWORDS = {connection constants ; singularities ; resurgence ; Stokes multipliers ; Stokes phenomenon ; multisummability ; Linear differential system},
  HAL_ID = {hal-01081071},
  HAL_VERSION = {v1},
}


%%%%%%%%%%%%%%%%%%%%%%%%%%%%%%%%%%%%%%%%%%%%%%%%%%%%%%%%%%%%%%%%%%%%%%%%%%%%}}}
%%%%  merom conn  %%%%%%%%%%%%%%%%%%%%%%%%%%%%%%%%%%%%%%%%%%%%%%%%%%%%%%%%%%%%%
%%%%%%%%%%%%%%%%%%%%%%%%%%%%%%%%%%%%%%%%%%%%%%%%%%%%%%%%%%%%%%%%%%%%%%%%%%%%{{{
@misc{pym,
  author = {Pym, Brent},
  title  = {{Meromorphic Connections}},
  year   = 2012,
  url    = {http://www.math.toronto.edu/rayan/GeomRetreat12/Notes/Pym.pdf}
}

%%%%%%%%%%%%%%%%%%%%%%%%%%%%%%%%%%%%%%%%%%%%%%%%%%%%%%%%%%%%%%%%%%%%%%%%%%%%}}}
%%%%  asymptotic analysis  %%%%%%%%%%%%%%%%%%%%%%%%%%%%%%%%%%%%%%%%%%%%%%%%%%%%
%%%%%%%%%%%%%%%%%%%%%%%%%%%%%%%%%%%%%%%%%%%%%%%%%%%%%%%%%%%%%%%%%%%%%%%%%%%%{{{
@book{majima1984asymptotic,
  title={Asymptotic Analysis for Integrable Connections with Irregular Singular Points},
  author={Majima, H.},
  number={Nr. 1074-1075},
  isbn={9780387133751},
  lccn={lc84014077},
  series={Asymptotic Analysis for Integrable Connections with Irregular Singular Points},
  url={http://books.google.de/books?id=yeSBNAEACAAJ},
  year={1984},
  publisher={Springer-Verlag}
}
@book{Simpson1991Asymptotic,
   title =     {Asymptotic behavior of monodromy: singularly perturbed
       differential equations on a Riemann surface},
   author =    {Carlos Simpson},
   publisher = {Springer-Verlag},
   isbn =      {9780387550091,0-387-55009-7,3540550097-:},
   year =      {1991},
   series =    {Lecture notes in mathematics 1502}
}
@book{wasow2002asymptotic,
  title={Asymptotic Expansions for Ordinary Differential Equations},
  author={Wasow, W.},
  isbn={9780486495187},
  series={Dover phoenix editions},
  url={http://books.google.de/books?id=V7NkQdam\_yYC},
  year={2002},
  publisher={Dover}
}

%%%%%%%%%%%%%%%%%%%%%%%%%%%%%%%%%%%%%%%%%%%%%%%%%%%%%%%%%%%%%%%%%%%%%%%%%%%%}}}
%%%%  d-modules  %%%%%%%%%%%%%%%%%%%%%%%%%%%%%%%%%%%%%%%%%%%%%%%%%%%%%%%%%%%%%%
%%%%%%%%%%%%%%%%%%%%%%%%%%%%%%%%%%%%%%%%%%%%%%%%%%%%%%%%%%%%%%%%%%%%%%%%%%%%{{{
@book{hotta2008,
  title={D-Modules, Perverse Sheaves, and Representation Theory},
  author={Hotta, R. and Takeuchi, K. and Tanisaki, T.},
  isbn={9780817643638},
  lccn={2004059581},
  series={Progress in Mathematics},
  url={http://books.google.de/books?id=xUHwypdk\_aAC},
  year={2008},
  publisher={Birkh{\"a}user Boston}
}
@book{coutinho1995primer,
  title     = {A Primer of Algebraic D-Modules},
  author    = {Coutinho, S.C.},
  isbn      = {9780521559089},
  lccn      = {95006628},
  series    = {London Mathematical Society Student Texts},
  url       = {http://books.google.de/books?id=USWURpFFZxEC},
  year      = {1995},
  publisher = {Cambridge University Press}
}
@book{kashiwara2003d,
  title     = {D-Modules and Microlocal Calculus},
  author    = {Kashiwara, Masaki},
  isbn      = {9780821827666},
  lccn      = {20227793},
  series    = {Translations of Mathematical Monographs},
  url       = {http://books.google.de/books?id=g4DXOVnq1GgC},
  year      = {2003},
  publisher = {American Mathematical Society}
}

%%%%%%%%%%%%%%%%%%%%%%%%%%%%%%%%%%%%%%%%%%%%%%%%%%%%%%%%%%%%%%%%%%%%%%%%%%%%}}}
%%%%  lie algebras  %%%%%%%%%%%%%%%%%%%%%%%%%%%%%%%%%%%%%%%%%%%%%%%%%%%%%%%%%%%
%%%%%%%%%%%%%%%%%%%%%%%%%%%%%%%%%%%%%%%%%%%%%%%%%%%%%%%%%%%%%%%%%%%%%%%%%%%%{{{
@book{warnerLie,
  title={Foundations of Differentiable Manifolds and Lie Groups},
  author={Warner, Frank W.},
  isbn={9780387908946},
  lccn={83012395},
  series={Graduate Texts in Mathematics},
  url={http://books.google.de/books?id=iaeUqc2yQVQC},
  year={1971},
  publisher={Springer}
}
@incollection {bryant,
    AUTHOR = {Bryant, Robert L.},
     TITLE = {An introduction to {L}ie groups and symplectic geometry},
 BOOKTITLE = {Geometry and quantum field theory ({P}ark {C}ity, {UT}, 1991)},
    SERIES = {IAS/Park City Math. Ser.},
    VOLUME = {1},
     PAGES = {5--181},
 PUBLISHER = {Amer. Math. Soc.},
   ADDRESS = {Providence, RI},
      YEAR = {1995},
   MRCLASS = {58-02 (35A30 53C15 53C30 57R15 58F05)},
  MRNUMBER = {1338391 (96i:58002)},
MRREVIEWER = {Krzysztof Galicki},
       url = {http://www.math.duke.edu/~bryant/ParkCityLectures.pdf}
}
@phdthesis{thpym,
  author = {Pym, Brent},
  title  = {{Poisson Structures and Lie Algebroids in Complex Geometry}},
  school = {University of Toronto},
  year   = 2013,
  url    = {http://people.maths.ox.ac.uk/pym/files/bpym-thesis.pdf}
}
@book{hall2003lie,
  title={Lie Groups, Lie Algebras, and Representations: An Elementary Introduction},
  author={Hall, B.},
  isbn={9780387401225},
  lccn={03054237},
  series={Graduate Texts in Mathematics},
  url={http://books.google.de/books?id=m1VQi8HmEwcC},
  year={2003},
  publisher={Springer}
}

%%%%%%%%%%%%%%%%%%%%%%%%%%%%%%%%%%%%%%%%%%%%%%%%%%%%%%%%%%%%%%%%%%%%%%%%%%%%}}}
%%%%  symplectic geometry  %%%%%%%%%%%%%%%%%%%%%%%%%%%%%%%%%%%%%%%%%%%%%%%%%%%%
%%%%%%%%%%%%%%%%%%%%%%%%%%%%%%%%%%%%%%%%%%%%%%%%%%%%%%%%%%%%%%%%%%%%%%%%%%%%{{{
@book{berndt2001introduction,
  title={An Introduction to Symplectic Geometry},
  author={Berndt, R.},
  isbn={9780821820568},
  lccn={lc00033139},
  series={Contemporary Mathematics},
  url={http://books.google.de/books?id=5HbJJNYXoN0C},
  year={2001},
  publisher={American Mathematical Society}
}
@book{mcduff1998introduction,
  title={Introduction to Symplectic Topology},
  author={McDuff, Dusa and Salamon, Dietmar},
  isbn={9780198504511},
  lccn={98026275},
  series={Oxford mathematical monographs},
  url={http://books.google.de/books?id=DNjKAeRexE4C},
  year={1998},
  publisher={Clarendon Press}
}
@article{citeulike:4402830,
    keywords = {Symplectic},
    archivePrefix = {arXiv},
    author = {Donagi, Ron and Markman, Eyal},
    day = {8},
    eprint = {alg-geom/9507017},
    month = aug,
    posted-at = {2009-04-25 11:54:02},
    priority = {3},
    title = {{Spectral curves, algebraically completely integrable Hamiltonian systems, and moduli of bundles}},
    url = {http://arxiv.org/abs/alg-geom/9507017},
    year = {1995}
}

%%%%%%%%%%%%%%%%%%%%%%%%%%%%%%%%%%%%%%%%%%%%%%%%%%%%%%%%%%%%%%%%%%%%%%%%%%%%}}}
%%%%  algebr. geom  %%%%%%%%%%%%%%%%%%%%%%%%%%%%%%%%%%%%%%%%%%%%%%%%%%%%%%%%%%%
%%%%%%%%%%%%%%%%%%%%%%%%%%%%%%%%%%%%%%%%%%%%%%%%%%%%%%%%%%%%%%%%%%%%%%%%%%%%{{{
@book{ravil,
    author = {Vakil, Ravi},
    keywords = {algebraic\_geometry, textbooks\_lectures, useful\_refs},
    priority = {2},
    title = {{Foundations of Algebraic Geometry}},
    url = {http://math.stanford.edu/\~{}vakil/216blog/FOAGjun1113public.pdf},
    year = {2012}
}
@book{liu2002algebraic,
  title={Algebraic Geometry and Arithmetic Curves},
  author={Liu, Qing},
  isbn={9780198502845},
  lccn={2002510408},
  series={Oxford graduate texts in mathematics},
  url={http://books.google.de/books?id=n9uQvKVwj8gC},
  year={2002},
  publisher={Oxford University Press}
}
@book{hatcher2002algebraic,
  title={Algebraic Topology},
  author={Hatcher, Allen},
  isbn={9780521795401},
  lccn={00065166},
  url={http://books.google.it/books?id=BjKs86kosqgC},
  year={2002},
  publisher={Cambridge University Press}
}

%%%%%%%%%%%%%%%%%%%%%%%%%%%%%%%%%%%%%%%%%%%%%%%%%%%%%%%%%%%%%%%%%%%%%%%%%%%%}}}
%%%%  unsorted  %%%%%%%%%%%%%%%%%%%%%%%%%%%%%%%%%%%%%%%%%%%%%%%%%%%%%%%%%%%%%%%
%%%%%%%%%%%%%%%%%%%%%%%%%%%%%%%%%%%%%%%%%%%%%%%%%%%%%%%%%%%%%%%%%%%%%%%%%%%%{{{
@article{ki99,
  author = "{K}irillov, {A}lexandre ",
  year = "1999",
  title = "{M}erits and demerits of the orbit method.",
  journal = "BULLETIN (New Series) OF THE AMERICAN MATHEMATICAL SOCIETY",
  volume = "36",
  number = "4",
  pages = "433-488",
  keywords = "representation theory;lie groups;symplectic geometry",
}

@book{beauville1996complex,
  title={Complex Algebraic Surfaces},
  author={Beauville, A.},
  isbn={9780521498425},
  lccn={lc96014064},
  series={London Mathematical Society Student Texts},
  url={http://books.google.de/books?id=KV1WiV7WmPIC},
  year={1996},
  publisher={Cambridge University Press}
}

@misc{citeulike:12387686,
    archivePrefix = {arXiv},
    author = {Gualtieri, Marco and Li, Songhao and Pym, Brent},
    citeulike-article-id = {12387686},
    citeulike-linkout-0 = {http://arxiv.org/abs/1305.7288},
    citeulike-linkout-1 = {http://arxiv.org/pdf/1305.7288},
    day = {31},
    eprint = {1305.7288},
    month = may,
    posted-at = {2013-06-03 08:34:02},
    priority = {2},
    title = {{The Stokes Groupoids}},
    url = {http://arxiv.org/abs/1305.7288},
    year = {2013}
}

@book{Robinson2003An,
   title =     {An Introduction to Abstract Algebra},
   author =    {Derek J. S. Robinson},
   publisher = {Walter de Gruyter},
   isbn =      {9783110175448,3-11-017544-4},
   year =      {2003},
   series =    {De Gruyter textbook}
}

%%%%%%%%%%%%%%%%%%%%%%%%%%%%%%%%%%%%%%%%%%%%%%%%%%%%%%%%%%%%%%%%%%%%%%%%%%%%}}}
