@article{boalch,
  keywords = {prim},
  author = {Boalch, Philip},
  citeulike-article-id = {8523004},
  citeulike-linkout-0 = {http://dx.doi.org/10.1006/aima.2001.1998},
  day = {10},
  doi = {10.1006/aima.2001.1998},
  issn = {00018708},
  journal = {Advances in Mathematics},
  month = nov,
  number = {2},
  pages = {137--205},
  posted-at = {2011-01-07 11:19:07},
  priority = {5},
  title = {{Symplectic Manifolds and Isomonodromic Deformations}},
  url = {http://dx.doi.org/10.1006/aima.2001.1998},
  volume = {163},
  year = {2001}
}
@phdthesis{thboalch,
  keywords = {prim},
  author = {Boalch, Philip},
  title  = {{Symplectic Geometry and Isomonodromic Deformations}},
  school = {Wadham College, Oxford},
  year   = 1999,
  url    = {http://www.dma.ens.fr/%7Eboalch/files/thesis.pdf}
}
@book{warnerLie,
  keywords = {prim},
  title={Foundations of Differentiable Manifolds and Lie Groups},
  author={Warner, Frank W.},
  isbn={9780387908946},
  lccn={83012395},
  series={Graduate Texts in Mathematics},
  url={http://books.google.de/books?id=iaeUqc2yQVQC},
  year={1971},
  publisher={Springer}
}
@book{hotta2007d,
  keywords = {prim},
  title     = {D-Modules, Perverse Sheaves, and Representation Theory},
  author    = {{{Hotta}, Ryoshi} and {{Takeuchi}, Kiyoshi} and {{Tanisaki}, Toshiyuki}},
  isbn      = {9780817643638},
  lccn      = {04059581},
  series    = {Progress in Mathematics},
  url       = {http://books.google.de/books?id=xUHwypdk\_aAC},
  year      = {2007},
  publisher = {Birkh{\"a}user Boston}
}
@incollection {bryant,
  keywords = {prim},
    AUTHOR = {Bryant, Robert L.},
     TITLE = {An introduction to {L}ie groups and symplectic geometry},
 BOOKTITLE = {Geometry and quantum field theory ({P}ark {C}ity, {UT}, 1991)},
    SERIES = {IAS/Park City Math. Ser.},
    VOLUME = {1},
     PAGES = {5--181},
 PUBLISHER = {Amer. Math. Soc.},
   ADDRESS = {Providence, RI},
      YEAR = {1995},
   MRCLASS = {58-02 (35A30 53C15 53C30 57R15 58F05)},
  MRNUMBER = {1338391 (96i:58002)},
MRREVIEWER = {Krzysztof Galicki},
       url = {http://www.math.duke.edu/~bryant/ParkCityLectures.pdf}
}

@article{ki99,
  author = "{K}irillov, {A}lexandre ",
  year = "1999",
  title = "{M}erits and demerits of the orbit method.",
  journal = "BULLETIN (New Series) OF THE AMERICAN MATHEMATICAL SOCIETY",
  volume = "36",
  number = "4",
  pages = "433-488",
  keywords = "representation theory;lie groups;symplectic geometry",
}



@book{mcduff1998introduction,
  title={Introduction to Symplectic Topology},
  author={McDuff, Dusa and Salamon, Dietmar},
  isbn={9780198504511},
  lccn={98026275},
  series={Oxford mathematical monographs},
  url={http://books.google.de/books?id=DNjKAeRexE4C},
  year={1998},
  publisher={Clarendon Press}
}
@book{ravil,
    author = {Vakil, Ravi},
    keywords = {algebraic\_geometry, textbooks\_lectures, useful\_refs},
    priority = {2},
    title = {{Foundations of Algebraic Geometry}},
    url = {http://math.stanford.edu/\~{}vakil/216blog/FOAGjun1113public.pdf},
    year = {2012}
}
@book{liu2002algebraic,
  title={Algebraic Geometry and Arithmetic Curves},
  author={Liu, Qing},
  isbn={9780198502845},
  lccn={2002510408},
  series={Oxford graduate texts in mathematics},
  url={http://books.google.de/books?id=n9uQvKVwj8gC},
  year={2002},
  publisher={Oxford University Press}
}
@book{hatcher2002algebraic,
  title={Algebraic Topology},
  author={Hatcher, Allen},
  isbn={9780521795401},
  lccn={00065166},
  url={http://books.google.it/books?id=BjKs86kosqgC},
  year={2002},
  publisher={Cambridge University Press}
}





@booklet{sabbah_cimpa90,
  author       = {{Sabbah}, Claude},
  title        = {Introduction to algebraic theory of linear systems of
    differential equations},
  howpublished = {Vorlesungsskript \url{http://www.math.polytechnique.fr/cmat/sabbah/sabbah_cimpa90.pdf}},
  year         = 1990
}
@book{coutinho1995primer,
  title     = {A Primer of Algebraic D-Modules},
  author    = {Coutinho, S.C.},
  isbn      = {9780521559089},
  lccn      = {95006628},
  series    = {London Mathematical Society Student Texts},
  url       = {http://books.google.de/books?id=USWURpFFZxEC},
  year      = {1995},
  publisher = {Cambridge University Press}
}
@book{kashiwara2003d,
  title     = {D-Modules and Microlocal Calculus},
  author    = {Kashiwara, Masaki},
  isbn      = {9780821827666},
  lccn      = {20227793},
  series    = {Translations of Mathematical Monographs},
  url       = {http://books.google.de/books?id=g4DXOVnq1GgC},
  year      = {2003},
  publisher = {American Mathematical Society}
}
@book{sabbah2013introduction,
  title={Introduction to Stokes Structures},
  author={Sabbah, Claude},
  isbn={9783642316944},
  lccn={2012947650},
  series={Lecture Notes in Mathematics},
  url={http://books.google.de/books?id=NCqPLwEACAAJ},
  year={2013},
  publisher={Springer London, Limited}
}

